@article{santanna2017commag,
title = {Quite Dogs Can Bite: Which Booters Should We Go After? And What Are Our Mitigation Options?},
author = {Santanna, Jos\'e Jair and de O. Schmidt, Ricardo and Tuncer, Daphne and Sperotto, Anna and Granville, Lisandro and Pras, Aiko},
year = {2017},
journal = {IEEE Communication Magazine (ComMag)},
volume = {July [to appear]}
}

@article{douglas2016jices,
	title = {Booters: Can Anything Justify Distributed Denial-of-Service
		(DDoS) Attacks for Hire?},
	author = {Douglas, David and Santanna, Jos\'e Jair and de O. Schmidt,
		Ricardo and Granville, Lisandro and Pras, Aiko},
	doi = {10.1108/JICES-09-2016-0033},
	issn = {1477-996X},
	year = {2017},
	journal = {Journal of Information, Communication \& Ethics in Society(JICES)},
	volume = {15},
	number = {1}
}

@inproceedings{santanna2016cnsm,
author = {Santanna, Jos{\'{e}} Jair and de O. Schmidt, Ricardo and Tuncer,
Daphner and de Vries, Joey and Granvile, Lisandro and Pras, Aiko},
booktitle = {International Conference on Network and Service Management (CNSM)[acceptance
17.6\%]},
title = {{Booter Blacklist: Unveiling DDoS-for-hire Websites}},
year = {2016}
}

@inproceedings{steinberger2016tnc,
author = {Steinberger, Jessica and Santanna, Jos{\'{e}} Jair and Spatharas, Evangelos  and Amler, Hendrik and Breuer, Niklas and Graul, Kristian and Kuhnert, Benjamin and Piontek, Ulrike and Sperotto, Anna and Baier, Harald and Pras, Aiko},
booktitle = {TERENA Networking Conference (TNC) (abstract)},
title = {{Ludo â€“ kids playing Distributed Denial of Service}},
year = {2016}
}
@inproceedings{justyna2015SBRC,
author = {Chromik, Justyna Joanna and Santanna, Jos{\'{e}} Jair and Sperotto, Anna and Pras, Aiko},
booktitle = {Brazilian Symposium on Computer Networks and Distributed Systems
	(SBRC)[acceptance 30\%]},
title = {{Booter websites characterization: Towards a list of threats}},
year = {2015}
}
@inproceedings{jjsantanna2015IM1,
annote = {Accepted to be published},
author = {Santanna, Jos{\'{e}} Jair and van Rijswijk-Deij, Roland and Sperotto, Anna and Hofstede, Rick and Wierbosch, Mark and Granville, Lisandro and Pras, Aiko},
booktitle = {IFIP/IEEE International Symposium on Integrated Network Management
	(IM)[acceptance 27.2\%]},
title = {{Booters - An Analysis of DDoS-as-a-Service Attacks.}},
year = {2015}
}
@inproceedings{jjsantanna2015IM2,
author = {Santanna, Jos{\'{e}} Jair and Durban, Romain and Sperotto, Anna and Pras, Aiko},
booktitle = {IFIP/IEEE International Symposium on Integrated Network Management (IM)[acceptance 27.2\%]},
title = {{Inside Booters: An Analysis on Operational Databases}},
year = {2015}
}
@inproceedings{santanna2013aims,
author = {Santanna, Jos{\'{e}} Jair and Sperotto, Anna},
booktitle = {International Conference on Autonomous Infrastructure, Management
	and Security (AIMS)[acceptance 31\%]},
title = {{Characterizing and Mitigating The DDoS-as-a-Service Phenomenon}},
year = {2014}
}
%@inproceedings{maan2014eunice,
%author = {Maan, Dirk and Santanna, Jos{\'{e}} Jair and Sperotto, Anna and de Boer, Pieter-Tjerk},
%booktitle = {EUNICE/IFIP International Workshop (EUNICE)[acceptance 47.9\%]},
%title = {{Towards Validation of the Internet Census 2012}},
%year = {2014}
%}
@inproceedings{santanna2012noms,
author = {Santanna, Jos{\'{e}} Jair and Wickboldt, Juliano and Granville, Lisandro},
booktitle = {IEEE Network Operations and Management Symposium (NOMS)[acceptance
26.2\%]},
title = {{A BPM-based solution for inter-domain circuit management}},
year = {2012}
}
@inproceedings{marotta2013compsac,
author = {Marotta, Marcelo and Carbone, Felipe and Santanna, Jos{\'{e}} Jair and Tarouco, Liane},
booktitle = {IEEE Computer Software and Applications Conference
	(COMPSAC)[acceptance 17\%]},
title = {{Through the Internet of Things - A Management by Delegation Smart Object Aware System (MbDSAS)}},
year = {2013}
}
@inproceedings{pras2016mmb,
author = {Pras, Aiko and Santanna, Jos{\'{e}} Jair and Steinberger, Jessica and Sperotto, Anna},
booktitle = {International GI/ITG Conference, MMB \& DFT (invited)},
title = {{DDoS 3.0 - How Terrorists Bring Down the Internet}},
year = {2016}
}
@inproceedings{devries2015aims,
author = {Vries, Wouter and Santanna, Jos{\'{e}} Jair and Sperotto, Anna and Pras, Aiko},
booktitle = {International Conference on Autonomous Infrastructure, Management
	and Security (AIMS)[acceptance 31.8\%]},
title = {{How Asymmetric Is the Internet? A Study to Support the Use of Traceroute}},
year = {2015}
}
@inproceedings{kerkers2014aims,
author = {Kerkers, Max and Santanna, Jos{\'{e}} Jair and Sperotto, Anna},
booktitle = {International Conference on Autonomous Infrastructure, Management and Security (AIMS)[acceptance 31\%]},
title = {{Characterisation of the Kelihos.B Botnet}},
year = {2014}
}
%@inproceedings{kunst2012sbrt,
%author = {Kunst, Rafael and Both, Cristiano and Bondan, Lucas and Kist, Maicon and Santanna, Jos{\'{e}} Jair and Faganello, Leonardo and Granville, Lisandro and Rochol, Juergen},
%booktitle = {Simp{\'{o}}sio Brasileiro de Telecomunica{\c{c}}{\~{o}}es
%	(SBrT)[acceptance 18\%].},
%title = {{Redes de R{\'{a}}dios Cognitivos: Arquiteturas, Sensoriamento Espectral e Quest{\~{o}}es Regulat{\'{o}}rias.}},
%year = {2012}
%}
@inproceedings{tarouco2012icc,
author = {Tarouco, Liane and Bertholdo, Leandro and Granville, Lisandro and Marotta, Marcelo and Santanna, Jos{\'{e}} Jair},
booktitle = {IEEE International Conference on Communications
	(ICC)[acceptance 37\%]},
title = {{Internet of Things in healthcare: Interoperatibility and security issues}},
year = {2012}
}
%@phdthesis{santanna2012thesis,
%author = {Santanna, Jos{\'{e}} Jair},
%school = {Federal University of Rio Grande do Sul, Brazil},
%title = {{Solu{\c{c}}{\~{a}}o baseada em gerenciamento de processos de neg{\'{o}}cios para circuitos virtuais inter-dom{\'{\i}}nio}},
%type = {Master Thesis},
%year = {2012}
%}
%@phdthesis{santanna2009tcc,
%author = {Santanna, Jos{\'{e}} Jair},
%school = {Federal University of Par{\'{a}}, Brazil},
%title = {{Avalia{\c{c}}{\~{a}}o comparativa do protocolo DCCP quando submetido a uma rede em malha sem fio (Mesh) outdoor experimental}},
%type = {Bachelor Thesis},
%year = {2009}
%}

